<?xml version="1.0" encoding="UTF-8"?><collection xmlns="http://www.loc.gov/MARC21/slim"><record><leader>00645nam--2200205-i-4500</leader><controlfield tag="001">000014178</controlfield><controlfield tag="002">20161230</controlfield><controlfield tag="005">20170205214526</controlfield><controlfield tag="008">060222s1000------------r-----000-0-eng-d</controlfield><datafield ind1=" " ind2=" " tag="020"><subfield code="a">0444854339</subfield></datafield><datafield ind1=" " ind2=" " tag="040"><subfield code="a">IFIN-HH</subfield></datafield><datafield ind1=" " ind2=" " tag="080"><subfield code="a">524.8(069)</subfield></datafield><datafield ind1="1" ind2=" " tag="110"><subfield code="a">Balian, Roger</subfield></datafield><datafield ind1="1" ind2="0" tag="245"><subfield code="a">Cosmologie physique physical cosmology</subfield><subfield code="b">Les houches session XXXII 2-27 juillet 1979</subfield><subfield code="c">Roger Balian, Jean Audouze, David N. Schramm (eds.)</subfield></datafield><datafield ind1=" " ind2=" " tag="260"><subfield code="a">Amsterdam</subfield><subfield code="b">North-Holland Publishing Company</subfield><subfield code="c">1980</subfield></datafield><datafield ind1=" " ind2=" " tag="300"><subfield code="a">XI+668 p</subfield></datafield><datafield ind1=" " ind2=" " tag="490"><subfield code="a">Les Houches Session XXXII</subfield></datafield><datafield ind1="1" ind2=" " tag="700"><subfield code="a">Schramm, David N</subfield><subfield code="e">Ed</subfield></datafield><datafield ind1=" " ind2=" " tag="852"><subfield code="a">48671</subfield><subfield code="c">523</subfield></datafield><datafield ind1=" " ind2=" " tag="CAT"><subfield code="a">SYS</subfield><subfield code="c">20170205</subfield><subfield code="h">214526</subfield></datafield></record></collection>